<record><leader>00000cas a22000007a 4500</leader><controlfield tag="001">14781500</controlfield><controlfield tag="008">861120d19651965pauwr ne      0    0eng d</controlfield><datafield ind1=" " ind2=" " tag="010"><subfield code="a">sn 87080296 </subfield></datafield><datafield ind1=" " ind2=" " tag="040"><subfield code="a">NPH</subfield><subfield code="b">eng</subfield><subfield code="c">NPH</subfield><subfield code="d">OCLCQ</subfield></datafield><datafield ind1=" " ind2=" " tag="042"><subfield code="a">msc</subfield></datafield><datafield ind1="0" ind2=" " tag="130"><subfield code="a">Republican (Clarion, Pa.)</subfield></datafield><datafield ind1="1" ind2="4" tag="245"><subfield code="a">The Republican.</subfield></datafield><datafield ind1=" " ind2=" " tag="260"><subfield code="a">Clarion, Pa. :</subfield><subfield code="b">Homer L. Watson,</subfield><subfield code="c">1965.</subfield></datafield><datafield ind1=" " ind2=" " tag="300"><subfield code="a">v :</subfield><subfield code="b">ill.</subfield></datafield><datafield ind1=" " ind2=" " tag="310"><subfield code="a">Weekly</subfield></datafield><datafield ind1="0" ind2=" " tag="362"><subfield code="a">125th year, no. 45 (Aug. 12, 1965)-126th year, no. 4 (Oct. 27, 1965).</subfield></datafield><datafield ind1=" " ind2=" " tag="500"><subfield code="a">"Sold only in combination with the Democrat."</subfield></datafield><datafield ind1=" " ind2=" " tag="752"><subfield code="a">United States</subfield><subfield code="b">Pennsylvania</subfield><subfield code="c">Clarion</subfield><subfield code="d">Clarion.</subfield></datafield><datafield ind1="0" ind2="0" tag="780"><subfield code="t">Clarion republican (Clarion, Pa. : 1899)</subfield><subfield code="w">(DLC)sn 87080297</subfield></datafield><datafield ind1="0" ind2="7" tag="785"><subfield code="t">Democrat (Clarion, Pa.)</subfield><subfield code="w">(DLC)sn 87078377</subfield></datafield><datafield ind1="0" ind2="7" tag="785"><subfield code="t">Clarion news</subfield><subfield code="w">(DLC)sn 87080533</subfield></datafield><datafield ind1="1" ind2=" " tag="787"><subfield code="t">Democrat (Clarion, Pa.)</subfield><subfield code="w">(OCoLC)15390063</subfield></datafield></record>